<record><leader>00000cas a22000007a 4500</leader><controlfield tag="001">16000474</controlfield><controlfield tag="008">870619d18671869inuwr ne      0    0eng d</controlfield><datafield ind1=" " ind2=" " tag="010"><subfield code="a">sn 87056265 </subfield></datafield><datafield ind1=" " ind2=" " tag="040"><subfield code="a">NPI</subfield><subfield code="b">eng</subfield><subfield code="c">NPI</subfield><subfield code="d">NYS</subfield><subfield code="d">NPI</subfield><subfield code="d">OCLCQ</subfield></datafield><datafield ind1=" " ind2=" " tag="042"><subfield code="a">msc</subfield></datafield><datafield ind1="0" ind2=" " tag="130"><subfield code="a">Union and herald (LaPorte, Ind.)</subfield></datafield><datafield ind1="1" ind2="4" tag="245"><subfield code="a">The union and herald.</subfield></datafield><datafield ind1=" " ind2=" " tag="260"><subfield code="a">La Porte, Ind. :</subfield><subfield code="b">Charles. G. Powell,</subfield><subfield code="c">1867-1869.</subfield></datafield><datafield ind1=" " ind2=" " tag="300"><subfield code="a">v.</subfield></datafield><datafield ind1=" " ind2=" " tag="310"><subfield code="a">Weekly</subfield></datafield><datafield ind1="0" ind2=" " tag="362"><subfield code="a">Vo1. 30, no. 12 (Oct. 5, 1867)-v. 32, no. 12 (Sept. 29, 1869).</subfield></datafield><datafield ind1=" " ind2=" " tag="752"><subfield code="a">United States</subfield><subfield code="b">Indiana</subfield><subfield code="c">LaPorte</subfield><subfield code="d">LaPorte.</subfield></datafield><datafield ind1="0" ind2="4" tag="780"><subfield code="t">Laporte union</subfield><subfield code="w">(DLC)sn 84023996</subfield></datafield><datafield ind1="0" ind2="4" tag="780"><subfield code="t">Porte herald (LaPorte, Ind. : 1859)</subfield><subfield code="w">(DLC)sn 84023995</subfield></datafield><datafield ind1="0" ind2="0" tag="785"><subfield code="t">Laporte weekly herald</subfield><subfield code="w">(DLC)sn 87056266</subfield></datafield></record>